% Encoding: UTF-8
%%
%% This is file `example/pubs.bib',
%% generated with the docstrip utility.
%%
%% The original source files were:
%%
%% install/buptgraduatethesis.dtx  (with options: `pubs-bib')
%%
%% This file is a part of the example of BUPTGraduateThesis.
%%

%% 这是为评审版本自动产生作者位次专用的 BibTeX 条目
%% 不要更改条目名称 BSTpeerreview
%% 如果学位论文作者在发表论文列表中的作者排名有超过 3 的, 其姓名将不会出现在论文列表中
%% 设置下面的数值可以改变发表论文列表中作者姓名显示的最大数目

@Article{paper1,
  author    = {},
  title     = {An extended brief history of time},
  year      = {2079},
  volume    = {1234},
  number    = {4},
  pages     = {567--890},
  addendum  = {（SCI 收录，检索号：786FZ）},
  booktitle = {Journal of Galaxy},
}

@InProceedings{paper2,
  author    = {},
  title     = {Transcript in Die hard},
  booktitle = {Proc. HDDD 100th Super Technology Conference (STC 2046)},
  year      = {2046},
  pages     = {123--456},
  addendum  = {（EI 源刊）},
  address   = {Eta Cygni, Cygnus},
}

@PATENT{patent1,
  author = "",
  title = "一种进行时空旅行的装置",
  address = "中国",
  series = "1234567",
  date = "2046-01-09"
}

@Comment{jabref-meta: databaseType:biblatex;}
